<?xml version="1.0" encoding="UTF-8"?><collection xmlns="http://www.loc.gov/MARC21/slim"><record><leader>00309nam--2200109-i-4500</leader><controlfield tag="001">000047681</controlfield><controlfield tag="002">20161230</controlfield><controlfield tag="005">20161230201046</controlfield><controlfield tag="008">060222s1000------------r-----000-0-eng-d</controlfield><datafield ind1=" " ind2=" " tag="245"><subfield code="a">The world through electron microscopes. metals</subfield></datafield><datafield ind1=" " ind2=" " tag="260"><subfield code="a">Tokyo, Japan Electron Optics Laboratory, 1`959, 82p. + Xi</subfield></datafield><datafield ind1=" " ind2=" " tag="852"><subfield code="a">D.2052</subfield></datafield></record></collection>